<record><leader>00000cas a22000007a 4500</leader><controlfield tag="001">12141588</controlfield><controlfield tag="008">850611d19471964paudn ne      0    0eng d</controlfield><datafield ind1=" " ind2=" " tag="010"><subfield code="a">sn 85054642 </subfield></datafield><datafield ind1=" " ind2=" " tag="040"><subfield code="a">NPH</subfield><subfield code="b">eng</subfield><subfield code="c">NPH</subfield><subfield code="d">OCLCQ</subfield></datafield><datafield ind1=" " ind2=" " tag="042"><subfield code="a">msc</subfield></datafield><datafield ind1="0" ind2="0" tag="245"><subfield code="a">DuBois courier express.</subfield></datafield><datafield ind1="1" ind2="3" tag="246"><subfield code="a">Courier express</subfield></datafield><datafield ind1=" " ind2=" " tag="260"><subfield code="a">DuBois, Pa. :</subfield><subfield code="b">Gray Print. Co.,</subfield><subfield code="c">1947-1964.</subfield></datafield><datafield ind1=" " ind2=" " tag="300"><subfield code="a">17 v.</subfield></datafield><datafield ind1=" " ind2=" " tag="310"><subfield code="a">Daily (except Sunday)</subfield></datafield><datafield ind1="0" ind2=" " tag="362"><subfield code="a">Vol. 59, no. 277 (Nov. 25, 1947)-v. 84, no. 143 (June 17, 1964).</subfield></datafield><datafield ind1=" " ind2=" " tag="752"><subfield code="a">United States</subfield><subfield code="b">Pennsylvania</subfield><subfield code="c">Clearfield</subfield><subfield code="d">DuBois.</subfield></datafield><datafield ind1="0" ind2="0" tag="780"><subfield code="t">Courier-express (DuBois, Pa. : 1943)</subfield><subfield code="w">(DLC)sn 85054641</subfield></datafield><datafield ind1="0" ind2="0" tag="785"><subfield code="t">Courier-express (DuBois, Pa. : 1964)</subfield><subfield code="w">(DLC)sn 84001829</subfield></datafield></record>